<?xml version="1.0" encoding="UTF-8"?><record xmlns="http://www.loc.gov/MARC21/slim" xmlns:cinclude="http://apache.org/cocoon/include/1.0" xmlns:zs="http://www.loc.gov/zing/srw/">
  <leader>00707cz  a2200169n  4500</leader>
  <controlfield tag="001">n  78029936 </controlfield>
  <controlfield tag="003">DLC</controlfield>
  <controlfield tag="005">20090304075506.0</controlfield>
  <controlfield tag="008">780605n| acannaabn          |a aaa      </controlfield>
  <datafield tag="010" ind1=" " ind2=" ">
    <subfield code="a">n  78029936 </subfield>
  </datafield>
  <datafield tag="035" ind1=" " ind2=" ">
    <subfield code="a">(OCoLC)oca00166208</subfield>
  </datafield>
  <datafield tag="040" ind1=" " ind2=" ">
    <subfield code="a">DLC</subfield>
    <subfield code="b">eng</subfield>
    <subfield code="c">DLC</subfield>
    <subfield code="d">OCoLC</subfield>
  </datafield>
  <datafield tag="100" ind1="1" ind2=" ">
    <subfield code="a">Basarab-Levyt︠s︡ʹka, Olʹha,</subfield>
    <subfield code="d">1889-1924</subfield>
  </datafield>
  <datafield tag="400" ind1="1" ind2=" ">
    <subfield code="a">Basarab, Olʹha,</subfield>
    <subfield code="d">1889-1924.</subfield>
  </datafield>
  <datafield tag="400" ind1="1" ind2=" ">
    <subfield code="a">Levyt︠s︡ʹka, Olʹha Basarab- ,</subfield>
    <subfield code="d">1889-1924.</subfield>
  </datafield>
  <datafield tag="670" ind1=" " ind2=" ">
    <subfield code="a">Nezabutni︠a︡ Olʹha Basarab, 1976 (a.e.)</subfield>
    <subfield code="b">t.p. (Olʹha Basarab) p. 228 (Basarab, Olʹha; 1889-1924)</subfield>
  </datafield>
  <datafield tag="670" ind1=" " ind2=" ">
    <subfield code="a">Politychnyĭ sudovyĭ prot︠s︡es Olʹhy Basarab-Levyt︠s︡ʹkoï ta "Basarabivt︠s︡iv", 2004:</subfield>
    <subfield code="b">t.p. (...Olʹhy Basarab-Levyt︠s︡ʹkoï)</subfield>
  </datafield>
</record>